[gd_scene load_steps=51 format=2]

[ext_resource path="res://Webtoonize/screen01.png" type="Texture" id=1]
[ext_resource path="res://Webtoonize/screen03-nofusee-noPlanet.png" type="Texture" id=2]
[ext_resource path="res://Webtoonize/screen02-element01.png" type="Texture" id=3]
[ext_resource path="res://scripts/btn1texturebutton.gd" type="Script" id=4]
[ext_resource path="res://assets/ui/bouton_next_hover.png" type="Texture" id=5]
[ext_resource path="res://assets/ui/bouton_retour_au_menu.png" type="Texture" id=6]
[ext_resource path="res://scripts/diapo.gd" type="Script" id=7]
[ext_resource path="res://Webtoonize/screen02.png" type="Texture" id=8]
[ext_resource path="res://Webtoonize/screen04-element03.png" type="Texture" id=9]
[ext_resource path="res://Webtoonize/screen04-element01.png" type="Texture" id=10]
[ext_resource path="res://assets/Rajdhani-Regular.ttf" type="DynamicFontData" id=11]
[ext_resource path="res://Webtoonize/screen01-element02.png" type="Texture" id=12]
[ext_resource path="res://scripts/start_diapo.gd" type="Script" id=13]
[ext_resource path="res://scripts/globals.tscn" type="PackedScene" id=14]
[ext_resource path="res://assets/ui/bouton_next.png" type="Texture" id=15]
[ext_resource path="res://assets/ui/bouton_retour_au_menu_surbrillance.png" type="Texture" id=16]
[ext_resource path="res://assets/ui/bouton_affichage_agrandir.png" type="Texture" id=17]
[ext_resource path="res://assets/ui/bouton_affichage_agrandir_surbrillance.png" type="Texture" id=18]
[ext_resource path="res://scripts/ui.gd" type="Script" id=19]
[ext_resource path="res://scripts/fullscreen.gd" type="Script" id=20]
[ext_resource path="res://scripts/menuButton.gd" type="Script" id=21]
[ext_resource path="res://assets/ui/sounds/interface_click.wav" type="AudioStream" id=22]
[ext_resource path="res://assets/ui/sounds/interface_click_2.wav" type="AudioStream" id=23]
[ext_resource path="res://assets/ui/bouton_menu.png" type="Texture" id=24]
[ext_resource path="res://assets/ui/bouton_menu_surbrillance.png" type="Texture" id=25]
[ext_resource path="res://Webtoonize/screen04.png" type="Texture" id=26]
[ext_resource path="res://assets/ui/bouton_next_pressed.png" type="Texture" id=27]
[ext_resource path="res://scripts/background.gd" type="Script" id=28]
[ext_resource path="res://Webtoonize/screen01-element03.png" type="Texture" id=29]
[ext_resource path="res://Webtoonize/screen01-element01.png" type="Texture" id=30]
[ext_resource path="res://Webtoonize/anime-fusee2.png" type="Texture" id=31]
[ext_resource path="res://Webtoonize/screen04-element02.png" type="Texture" id=32]
[ext_resource path="res://Webtoonize/screen03-element01.png" type="Texture" id=33]
[ext_resource path="res://Webtoonize/screen03-Earth.png" type="Texture" id=34]
[ext_resource path="res://Webtoonize/screen03-Moon.png" type="Texture" id=35]
[ext_resource path="res://Webtoonize/cover.png" type="Texture" id=36]

[sub_resource type="CanvasItemMaterial" id=1]
resource_local_to_scene = true

[sub_resource type="DynamicFont" id=2]
outline_color = Color( 0.0941176, 0.0156863, 0.0156863, 1 )
font_data = ExtResource( 11 )

[sub_resource type="AtlasTexture" id=3]
flags = 4
atlas = ExtResource( 31 )
region = Rect2( 0, 0, 404, 404 )

[sub_resource type="AtlasTexture" id=4]
flags = 4
atlas = ExtResource( 31 )
region = Rect2( 404, 0, 404, 404 )

[sub_resource type="AtlasTexture" id=5]
flags = 4
atlas = ExtResource( 31 )
region = Rect2( 808, 0, 404, 404 )

[sub_resource type="AtlasTexture" id=6]
flags = 4
atlas = ExtResource( 31 )
region = Rect2( 1212, 0, 404, 404 )

[sub_resource type="SpriteFrames" id=7]
animations = [ {
"frames": [ SubResource( 3 ), SubResource( 4 ), SubResource( 5 ), SubResource( 6 ) ],
"loop": true,
"name": "New Anim",
"speed": 5.0
} ]

[sub_resource type="AtlasTexture" id=8]
region = Rect2( 0, 0, 256, 256 )

[sub_resource type="AtlasTexture" id=9]
region = Rect2( 256, 0, 256, 256 )

[sub_resource type="AtlasTexture" id=10]
region = Rect2( 512, 0, 256, 256 )

[sub_resource type="AtlasTexture" id=11]
region = Rect2( 768, 0, 256, 256 )

[sub_resource type="AtlasTexture" id=12]
region = Rect2( 1024, 0, 256, 256 )

[sub_resource type="AtlasTexture" id=13]
region = Rect2( 1280, 0, 256, 256 )

[sub_resource type="SpriteFrames" id=14]
animations = [ {
"frames": [ SubResource( 8 ), SubResource( 9 ), SubResource( 10 ), SubResource( 11 ), SubResource( 12 ), SubResource( 13 ) ],
"loop": false,
"name": "default",
"speed": 5.0
} ]

[node name="Node2D" type="Node2D"]
__meta__ = {
"_edit_horizontal_guides_": [ 600.001 ]
}

[node name="screens" type="Node2D" parent="."]
script = ExtResource( 7 )

[node name="screenframe1" type="Node2D" parent="screens"]
self_modulate = Color( 0.117647, 0.0352941, 0.0352941, 1 )

[node name="background" type="Sprite" parent="screens/screenframe1"]
material = SubResource( 1 )
use_parent_material = true
position = Vector2( 512, 320 )
texture = ExtResource( 36 )
region_rect = Rect2( 100, 100, 1024, 600 )
script = ExtResource( 28 )
animation_type = 1
anim_to = 20.0
anim_speed = 2.0

[node name="screenframe2" type="Node2D" parent="screens"]
self_modulate = Color( 0.117647, 0.0352941, 0.0352941, 1 )
position = Vector2( 1024, 0 )

[node name="background" type="Sprite" parent="screens/screenframe2"]
material = SubResource( 1 )
use_parent_material = true
position = Vector2( 512, 320 )
texture = ExtResource( 1 )
region_rect = Rect2( 100, 100, 1024, 600 )
script = ExtResource( 28 )
animation_type = 1
anim_to = 20.0
anim_speed = 1.0

[node name="dialog1" type="Node2D" parent="screens/screenframe2"]

[node name="phallictere" type="Sprite" parent="screens/screenframe2/dialog1"]
position = Vector2( 250.371, 389.087 )
rotation = -0.156847
texture = ExtResource( 30 )

[node name="dialog2" type="Node2D" parent="screens/screenframe2"]
position = Vector2( 8, 200 )

[node name="phallictere" type="Sprite" parent="screens/screenframe2/dialog2"]
position = Vector2( 761, 117 )
scale = Vector2( 1, 1.02 )
texture = ExtResource( 12 )

[node name="RichTextLabel" type="RichTextLabel" parent="screens/screenframe2/dialog2"]
visible = false
margin_left = 656.0
margin_top = 80.0
margin_right = 792.0
margin_bottom = 162.0
custom_fonts/normal_font = SubResource( 2 )
custom_colors/default_color = Color( 0.0352941, 0.0313726, 0.0313726, 1 )
custom_colors/font_color_selected = Color( 0.564706, 0.211765, 0.211765, 1 )
bbcode_enabled = true
bbcode_text = "Coucou"
text = "Coucou"
__meta__ = {
"_edit_use_anchors_": false
}

[node name="dialog3" type="Sprite" parent="screens/screenframe2"]
position = Vector2( 588.628, 492.765 )
texture = ExtResource( 29 )

[node name="screenframe3" type="Node2D" parent="screens"]
position = Vector2( 2048, 0 )

[node name="background" type="Sprite" parent="screens/screenframe3"]
position = Vector2( 512, 286 )
scale = Vector2( 1, 1.09375 )
texture = ExtResource( 8 )
script = ExtResource( 28 )
animation_type = 3
anim_to = 20.0
anim_speed = 0.01

[node name="dialog1" type="Sprite" parent="screens/screenframe3"]
position = Vector2( 272.307, 95.1585 )
texture = ExtResource( 3 )

[node name="screenframe4" type="Node2D" parent="screens"]
position = Vector2( 3072, 0 )

[node name="background" type="Sprite" parent="screens/screenframe4"]
position = Vector2( 512, 320 )
texture = ExtResource( 2 )

[node name="background2" type="Sprite" parent="screens/screenframe4"]
position = Vector2( 162.239, 480.362 )
scale = Vector2( 0.74485, 0.74485 )
texture = ExtResource( 34 )
script = ExtResource( 28 )
animation_type = 2
anim_to = -20.0
anim_speed = 0.1

[node name="background3" type="Sprite" parent="screens/screenframe4"]
position = Vector2( 1000.16, 116.051 )
scale = Vector2( 0.586011, 0.586011 )
texture = ExtResource( 35 )
script = ExtResource( 28 )
animation_type = 1
anim_to = 20.0
anim_speed = 4.0

[node name="AnimatedSprite" type="AnimatedSprite" parent="screens/screenframe4"]
position = Vector2( 574.988, 348.796 )
frames = SubResource( 7 )
animation = "New Anim"
frame = 3
playing = true

[node name="dialog1" type="Sprite" parent="screens/screenframe4"]
position = Vector2( 445.509, 173.673 )
texture = ExtResource( 33 )

[node name="screenframe5" type="Node2D" parent="screens"]
position = Vector2( 4096, 0 )

[node name="background" type="Sprite" parent="screens/screenframe5"]
position = Vector2( 512, 319.764 )
scale = Vector2( -1, 1.01 )
texture = ExtResource( 26 )

[node name="dialog1" type="Sprite" parent="screens/screenframe5"]
position = Vector2( 602.611, 375.765 )
scale = Vector2( -1, 1 )
texture = ExtResource( 10 )

[node name="dialog2" type="Sprite" parent="screens/screenframe5"]
position = Vector2( 271.254, 317.142 )
scale = Vector2( -1, 1 )
texture = ExtResource( 32 )

[node name="dialog3" type="Sprite" parent="screens/screenframe5"]
position = Vector2( 830.508, 489.814 )
texture = ExtResource( 9 )

[node name="ui" type="Control" parent="."]
margin_right = 40.0
margin_bottom = 40.0
script = ExtResource( 19 )
__meta__ = {
"_edit_use_anchors_": false
}

[node name="dialog3" type="AnimatedSprite" parent="ui"]
position = Vector2( 200, 384 )
frames = SubResource( 14 )
frame = 5
playing = true

[node name="menuButton" type="TextureButton" parent="ui"]
anchor_top = -1.83105e-05
anchor_bottom = -1.83105e-05
margin_left = 16.0
margin_top = 529.001
margin_right = 107.0
margin_bottom = 621.001
rect_scale = Vector2( 0.6, 0.6 )
texture_normal = ExtResource( 24 )
texture_pressed = ExtResource( 25 )
texture_hover = ExtResource( 25 )
script = ExtResource( 21 )
__meta__ = {
"_edit_use_anchors_": false
}

[node name="TextureButton" type="TextureButton" parent="ui"]
anchor_right = 1.2
anchor_bottom = 0.8
margin_left = 912.0
margin_top = 8.0
margin_right = 1130.0
margin_bottom = 1923.0
rect_scale = Vector2( 0.3, 0.3 )
texture_normal = ExtResource( 15 )
texture_pressed = ExtResource( 27 )
texture_hover = ExtResource( 5 )
script = ExtResource( 4 )
__meta__ = {
"_edit_use_anchors_": false
}

[node name="menu" type="Control" parent="ui"]
visible = false
__meta__ = {
"_edit_use_anchors_": false
}

[node name="home" type="TextureButton" parent="ui/menu"]
anchor_right = 1.2
anchor_bottom = 0.8
margin_left = 123.0
margin_top = 494.0
margin_right = 214.0
margin_bottom = 586.0
rect_pivot_offset = Vector2( 416, -128 )
texture_normal = ExtResource( 6 )
texture_hover = ExtResource( 16 )
script = ExtResource( 13 )
__meta__ = {
"_edit_use_anchors_": false
}

[node name="fullscreen" type="TextureButton" parent="ui/menu"]
anchor_right = 1.2
anchor_bottom = 0.8
margin_left = 227.0
margin_top = 494.0
margin_right = 318.0
margin_bottom = 586.0
rect_pivot_offset = Vector2( 416, -128 )
texture_normal = ExtResource( 17 )
texture_hover = ExtResource( 18 )
script = ExtResource( 20 )
__meta__ = {
"_edit_use_anchors_": false
}

[node name="quit" type="TextureButton" parent="ui/menu"]
anchor_right = 1.2
anchor_bottom = 0.8
margin_left = 339.0
margin_top = 494.0
margin_right = 430.0
margin_bottom = 586.0
rect_pivot_offset = Vector2( 416, -128 )
texture_normal = ExtResource( 6 )
texture_hover = ExtResource( 16 )
script = ExtResource( 13 )
__meta__ = {
"_edit_use_anchors_": false
}

[node name="interact_mouse_click" type="AudioStreamPlayer2D" parent="ui"]
stream = ExtResource( 22 )

[node name="interact_mouse_over" type="AudioStreamPlayer2D" parent="ui"]
stream = ExtResource( 23 )
attenuation = 0.707107

[node name="globals" parent="." instance=ExtResource( 14 )]
[connection signal="pressed" from="ui/menuButton" to="ui" method="_on_menuButton_pressed"]
[connection signal="pressed" from="ui/TextureButton" to="ui/TextureButton" method="_on_TextureButton_pressed"]
[connection signal="pressed" from="ui/menu/home" to="ui/menu/home" method="_on_TextureButton_pressed"]
[connection signal="pressed" from="ui/menu/fullscreen" to="ui/menu/fullscreen" method="_on_TextureButton_pressed"]
[connection signal="pressed" from="ui/menu/quit" to="ui/menu/quit" method="_on_TextureButton_pressed"]
